<record><leader>00000cas a22000007a 4500</leader><controlfield tag="001">9723302</controlfield><controlfield tag="008">830721c19599999nyuwr ne      0   a0eng d</controlfield><controlfield tag="009">467</controlfield><datafield ind1=" " ind2=" " tag="010"><subfield code="a">sn 83008200 </subfield></datafield><datafield ind1=" " ind2=" " tag="040"><subfield code="a">NSD</subfield><subfield code="b">eng</subfield><subfield code="c">NSD</subfield><subfield code="d">NYG</subfield><subfield code="d">NYS</subfield><subfield code="d">OCLCQ</subfield><subfield code="d">OCLCF</subfield><subfield code="d">OCLCO</subfield></datafield><datafield ind1=" " ind2=" " tag="012"><subfield code="m">1</subfield></datafield><datafield ind1="1" ind2=" " tag="022"><subfield code="a">0746-066X</subfield><subfield code="l">0746-066X</subfield><subfield code="2">1</subfield></datafield><datafield ind1="1" ind2=" " tag="029"><subfield code="a">AU@</subfield><subfield code="b">000025805861</subfield></datafield><datafield ind1=" " ind2=" " tag="032"><subfield code="a">492760</subfield><subfield code="b">USPS</subfield></datafield><datafield ind1=" " ind2=" " tag="042"><subfield code="a">nsdp</subfield></datafield><datafield ind1=" " ind2="0" tag="222"><subfield code="a">Shelter Island reporter</subfield></datafield><datafield ind1="0" ind2="0" tag="245"><subfield code="a">Shelter Island reporter.</subfield></datafield><datafield ind1="3" ind2="0" tag="246"><subfield code="a">Shelter Island reporter combined with Bargain hunter</subfield></datafield><datafield ind1=" " ind2=" " tag="260"><subfield code="a">Shelter Island, N.Y. :</subfield><subfield code="b">Walter Schumann Assoc.</subfield></datafield><datafield ind1=" " ind2=" " tag="300"><subfield code="a">v.</subfield></datafield><datafield ind1=" " ind2=" " tag="310"><subfield code="a">Weekly</subfield></datafield><datafield ind1="0" ind2=" " tag="362"><subfield code="a">Vol. 1, no. 1 (June 20, 1959)-</subfield></datafield><datafield ind1=" " ind2=" " tag="500"><subfield code="a">Issued as: Shelter Island reporter combined with Bargain hunter, June 20-Sept. 19, 1959.</subfield></datafield><datafield ind1=" " ind2=" " tag="500"><subfield code="a">"The official newspaper of the Town of Shelter Island and the Village of Dering Harbor."</subfield></datafield><datafield ind1=" " ind2="0" tag="651"><subfield code="a">Shelter Island (N.Y.)</subfield><subfield code="v">Newspapers.</subfield></datafield><datafield ind1=" " ind2="0" tag="651"><subfield code="a">Dering Harbor (N.Y.)</subfield><subfield code="v">Newspapers.</subfield></datafield><datafield ind1=" " ind2="0" tag="651"><subfield code="a">Suffolk County (N.Y.)</subfield><subfield code="v">Newspapers.</subfield></datafield><datafield ind1=" " ind2="7" tag="655"><subfield code="a">Newspapers.</subfield><subfield code="2">fast</subfield><subfield code="0">(OCoLC)fst01423814</subfield></datafield><datafield ind1=" " ind2="7" tag="651"><subfield code="a">New York (State)</subfield><subfield code="z">Dering Harbor.</subfield><subfield code="2">fast</subfield><subfield code="0">(OCoLC)fst01257673</subfield></datafield><datafield ind1=" " ind2="7" tag="651"><subfield code="a">New York (State)</subfield><subfield code="z">Shelter Island.</subfield><subfield code="2">fast</subfield><subfield code="0">(OCoLC)fst01257672</subfield></datafield><datafield ind1=" " ind2="7" tag="651"><subfield code="a">New York (State)</subfield><subfield code="z">Suffolk County.</subfield><subfield code="2">fast</subfield><subfield code="0">(OCoLC)fst01207260</subfield></datafield><datafield ind1=" " ind2=" " tag="752"><subfield code="a">United States</subfield><subfield code="b">New York</subfield><subfield code="c">Suffolk</subfield><subfield code="d">Shelter Island.</subfield></datafield><datafield ind1="0" ind2="5" tag="780"><subfield code="t">Bargain hunter (Shelter Island, N.Y.)</subfield></datafield><datafield ind1=" " ind2=" " tag="936"><subfield code="a">June 23, 1983</subfield></datafield></record>